<?xml version='1.0' encoding='utf-8'?>
<record xmlns="http://www.loc.gov/MARC21/slim" xmlns:xsi="http://www.w3.org/2001/XMLSchema-instance" xsi:schemaLocation="http://www.loc.gov/MARC21/slim http://www.loc.gov/standards/marcxml/schema/MARC21slim.xsd">
  <leader>00000npca 2200433 a 4500</leader>
  <controlfield tag="005">20140610124040.0</controlfield>
  <controlfield tag="008">131113i19451946miu                 eng d</controlfield>
  <datafield tag="035" ind1=" " ind2=" ">
    <subfield code="a">(OCoLC)862934016</subfield>
  </datafield>
  <datafield tag="035" ind1=" " ind2=" ">
    <subfield code="a">(OCoLC)ocn862934016</subfield>
  </datafield>
  <datafield tag="040" ind1=" " ind2=" ">
    <subfield code="a">BEU</subfield>
    <subfield code="c">BEU</subfield>
    <subfield code="e">dacs</subfield>
  </datafield>
  <datafield tag="041" ind1="0" ind2=" ">
    <subfield code="a">eng</subfield>
    <subfield code="a">jap</subfield>
  </datafield>
  <datafield tag="049" ind1=" " ind2=" ">
    <subfield code="a">BEUA</subfield>
  </datafield>
  <datafield tag="100" ind1="1" ind2=" ">
    <subfield code="a">Cheesman, Jack D.,</subfield>
    <subfield code="e">collector.</subfield>
  </datafield>
  <datafield tag="245" ind1="1" ind2="0">
    <subfield code="a">Jack D. Cheesman papers,</subfield>
    <subfield code="f">1945-1946.</subfield>
  </datafield>
  <datafield tag="300" ind1=" " ind2=" ">
    <subfield code="a">0.3 linear feet, 1 outsize folder, and 6.1 GB (online).</subfield>
  </datafield>
  <datafield tag="546" ind1=" " ind2=" ">
    <subfield code="a">In English, some items in Japanese.</subfield>
  </datafield>
  <datafield tag="545" ind1="0" ind2=" ">
    <subfield code="a">Jack D. Cheesman, a resident of Ann Arbor, Mich., served in the V Amphibious Corps of the U.S. Marine Corps during the World War II. He fought in the Battle of Iwo Jima between February 19-March 26, 1945.</subfield>
  </datafield>
  <datafield tag="520" ind1="2" ind2=" ">
    <subfield code="a">Bound photograph album from Japanese island of Iwo Jima from 1945 and a Japanese map of Iwo Jima. Photographs were taken by Marine Corps photographer Douglas H. Page and then compiled into a photo album by Cheesman, entitled "Iwo Jima." Also loose photographs depicting military life and several letters in Japanese.</subfield>
  </datafield>
  <datafield tag="506" ind1=" " ind2=" ">
    <subfield code="a">The collection is open for research use.</subfield>
  </datafield>
  <datafield tag="555" ind1="0" ind2=" ">
    <subfield code="a">Finding aid available via the World Wide web at URL: http://quod.lib.umich.edu/cgi/f/findaid/findaid-idx?c=bhlead;idno=umich-bhl-2013146</subfield>
  </datafield>
  <datafield tag="500" ind1=" " ind2=" ">
    <subfield code="a">Donor: 10974</subfield>
  </datafield>
  <datafield tag="584" ind1=" " ind2=" ">
    <subfield code="a">No further accruals are expected.</subfield>
  </datafield>
  <datafield tag="600" ind1="1" ind2="0">
    <subfield code="a">Cates, Clifton B.</subfield>
    <subfield code="q">(Clifton Bledsoe),</subfield>
    <subfield code="d">1893-1970.</subfield>
  </datafield>
  <datafield tag="600" ind1="1" ind2="0">
    <subfield code="a">Cheesman, Jack D.</subfield>
  </datafield>
  <datafield tag="600" ind1="1" ind2="0">
    <subfield code="a">Erskine, Graves Blanchard,</subfield>
    <subfield code="d">1897-1973.</subfield>
  </datafield>
  <datafield tag="600" ind1="1" ind2="0">
    <subfield code="a">Rockey, Keller E.</subfield>
  </datafield>
  <datafield tag="600" ind1="1" ind2="0">
    <subfield code="a">Schmidt, Harry,</subfield>
    <subfield code="d">1886-1968.</subfield>
  </datafield>
  <datafield tag="600" ind1="1" ind2="0">
    <subfield code="a">Smith, Holland M.</subfield>
    <subfield code="q">(Holland McTyeire),</subfield>
    <subfield code="d">1882-1967.</subfield>
  </datafield>
  <datafield tag="650" ind1=" " ind2="0">
    <subfield code="a">Iwo Jima, Battle of, Japan, 1945.</subfield>
  </datafield>
  <datafield tag="651" ind1=" " ind2="0">
    <subfield code="a">Iwo Jima (Volcano Islands, Japan)</subfield>
  </datafield>
  <datafield tag="650" ind1=" " ind2="7">
    <subfield code="a">Soldiers</subfield>
    <subfield code="x">American</subfield>
    <subfield code="z">Japan</subfield>
    <subfield code="y">1940-1950.</subfield>
    <subfield code="2">lctgm</subfield>
  </datafield>
  <datafield tag="610" ind1="1" ind2="0">
    <subfield code="a">United States.</subfield>
    <subfield code="b">Marine Corps.</subfield>
    <subfield code="b">Amphibious Corps, V.</subfield>
  </datafield>
  <datafield tag="650" ind1=" " ind2="0">
    <subfield code="a">World War, 1939-1945</subfield>
    <subfield code="x">Campaigns</subfield>
    <subfield code="z">Japan</subfield>
    <subfield code="z">Iwo Jima.</subfield>
  </datafield>
  <datafield tag="655" ind1=" " ind2="7">
    <subfield code="a">Black-and-white photographs.</subfield>
    <subfield code="2">aat</subfield>
  </datafield>
  <datafield tag="655" ind1=" " ind2="7">
    <subfield code="a">Military maps.</subfield>
    <subfield code="2">aat</subfield>
  </datafield>
  <datafield tag="655" ind1=" " ind2="7">
    <subfield code="a">Photograph albums.</subfield>
    <subfield code="2">aat</subfield>
  </datafield>
  <datafield tag="700" ind1="1" ind2=" ">
    <subfield code="a">Page, Douglas H.</subfield>
  </datafield>
  <datafield tag="852" ind1=" " ind2=" ">
    <subfield code="b">Bentley Historical Library,</subfield>
    <subfield code="a">University of Michigan,</subfield>
    <subfield code="e">Ann Arbor, Michigan 48109-2113</subfield>
  </datafield>
  <datafield tag="856" ind1="4" ind2="2">
    <subfield code="u">http://quod.lib.umich.edu/cgi/f/findaid/findaid-idx?c=bhlead;idno=umich-bhl-2013146</subfield>
    <subfield code="3">Findnig Aid:</subfield>
  </datafield>
  <datafield tag="856" ind1="4" ind2="2">
    <subfield code="3">Online :</subfield>
    <subfield code="u">http://quod.lib.umich.edu/cgi/i/image/image-idx?q1=%202013146;rgn1=bhl_href;med=1;view=thumbnail;c=bhl</subfield>
  </datafield>
  <datafield tag="997" ind1=" " ind2=" ">
    <subfield code="a">MARS</subfield>
  </datafield>
  <datafield tag="998" ind1=" " ind2=" ">
    <subfield code="c">MLM</subfield>
  </datafield>
</record>
